<?xml version="1.0" encoding="UTF-8"?><collection xmlns="http://www.loc.gov/MARC21/slim"><record><leader>00537nam--2200169-i-4500</leader><controlfield tag="001">000043871</controlfield><controlfield tag="002">20161230</controlfield><controlfield tag="005">20161230201044</controlfield><controlfield tag="008">060222s1000------------r-----000-0-eng-d</controlfield><datafield ind1=" " ind2=" " tag="040"><subfield code="a">IFIN-HH</subfield></datafield><datafield ind1=" " ind2=" " tag="080"><subfield code="a">539.1(038)=004=20=30=40=82801.323.9=20=30=40=82</subfield></datafield><datafield ind1="1" ind2=" " tag="100"><subfield code="a">Sube, Ralf</subfield></datafield><datafield ind1="1" ind2="0" tag="245"><subfield code="a">Dictionnarie de physique nucleaire et technique nucleaire: anglais-allemand-francais-russe</subfield><subfield code="b">Dictionnaire technique</subfield><subfield code="c">Ralf sube</subfield></datafield><datafield ind1=" " ind2=" " tag="260"><subfield code="a">Paris</subfield><subfield code="b">Dunod Editeur</subfield><subfield code="c">/1962</subfield></datafield><datafield ind1=" " ind2=" " tag="300"><subfield code="a">1606P</subfield></datafield><datafield ind1=" " ind2=" " tag="852"><subfield code="a">D.260</subfield><subfield code="c">SLF</subfield></datafield><datafield ind1=" " ind2=" " tag="CAT"><subfield code="a">Sys</subfield><subfield code="c">20130213</subfield><subfield code="h">155557</subfield></datafield></record></collection>